@incollection{Kim19,
author = {Sangwon Kim},
title = {Vanadium Redox Flow Batteries: Electrochemical Engineering},
booktitle = {Energy Storage Devices},
publisher = {IntechOpen},
address = {Rijeka},
year = {2019},
editor = {M. Taha Demirkan and Adel Attia},
chapter = {7},
doi = {10.5772/intechopen.85166},
url = {https://doi.org/10.5772/intechopen.85166}
}