
%%%%%%%%%%%%%%%%%%%%%%%%%%%%%%%%%%%%%%%%%%%%%%%%%%%%%%%%%%%%%%%%%%%%%%%%%%%%%%%%%%%%%%%%%%%%%%%%%%%%

%%%%%%%%%%%%%%%%%%
%% VFRB REVIEW
%%%%%%%%%%%%%%%%%%

%%%%%%%%%%%%%%%%%%%%%%%%%%%%%%%%%%%%%%%%%%%%%%%%%%%%%%%%%%%%%%%%%%%%%%%%%%%%%%%%%%%%%%%%%%%%%%%%%%%%






@article{doi:10.1021/acssuschemeng.2c01372,
author = {Huang, Zebo and Mu, Anle and Wu, Longxing and Yang, Bin and Qian, Ye and Wang, Jiahui},
title = {Comprehensive Analysis of Critical Issues in All-Vanadium Redox Flow Battery},
journal = {ACS Sustainable Chemistry \& Engineering},
volume = {10},
number = {24},
pages = {7786-7810},
year = {2022},
doi = {10.1021/acssuschemeng.2c01372},

URL = { 
        https://doi.org/10.1021/acssuschemeng.2c01372
    
},
eprint = { 
        https://doi.org/10.1021/acssuschemeng.2c01372
    
}

}


%%%%%%%%%%%%%%%%%%%%%%%%%%%%%%%%%%%%%%%%%%%%%%%%%%%%%%%%%%%%%%%%%%%%%%%%%%%%%%%%%%%%%%%%%%%%%%%%%%%%

%%%%%%%%%%%%%%%%%%
%% REFERENCES START
%%%%%%%%%%%%%%%%%%

%%%%%%%%%%%%%%%%%%%%%%%%%%%%%%%%%%%%%%%%%%%%%%%%%%%%%%%%%%%%%%%%%%%%%%%%%%%%%%%%%%%%%%%%%%%%%%%%%%%%

    @article {,
    author = { Huang, Z. and Mu, A.},
    title = {Research and analysis of performance improvement of vanadium redox flow battery in microgrid: A technology review},
    journal = {Int. J. Energy Res.},
    volume = {45},
    pages = {14170},
    year = {2021}
    }

    @article {,
    author = { Li, M. and Virguez, E. and Shan, R. and Tian, J. and Gao, S. and Patiño-Echeverri, D.},
    title = {High-resolution data shows China’s wind and solar energy resources are enough to support a 2050 decarbonized electricity system},
    journal = {Appl. Energy},
    volume = {306},
    pages = {117996},
    year = {2022}
    }

    @article {,
    author = { Sánchez, A. and Zhang, Q. and Martín, M. and Vega, P.},
    title = {Towards a new renewable power system using energy storage: An economic and social analysis},
    journal = {Energy Convers. Manage.},
    volume = {252},
    pages = {115056},
    year = {2022}
    }

    @article {,
    author = { Lamsal, D. and Sreeram, V. and Mishra, Y. and Kumar, D.},
    title = {Output power smoothing control approaches for wind and photovoltaic generation systems: A review},
    journal = {Renewable Sustainable Energy Rev.},
    volume = {113},
    pages = {109245},
    year = {2019}
    }

    @article {,
    author = { Gür, T. M.},
    title = {Review of electrical energy storage technologies, materials and systems: challenges and prospects for large-scale grid storage},
    journal = {Energy Environ. Sci.},
    volume = {11},
    pages = {2696},
    year = {2018}
    }

    @article {,
    author = { Murphy, C. A. and Schleifer, A. and Eurek, K.},
    title = {A taxonomy of systems that combine utility-scale renewable energy and energy storage technologies},
    journal = {Renewable Sustainable Energy Rev.},
    volume = {139},
    pages = {110711},
    year = {2021}
    }

    @article {,
    author = { Bocklisch, T.},
    title = {Hybrid energy storage approach for renewable energy applications},
    journal = {J. Energy Storage},
    volume = {8},
    pages = {311},
    year = {2016}
    }

    @article {,
    author = { Javed, M. S. and Ma, T. and Jurasz, J. and Amin, M. Y.},
    title = {Solar and wind power generation systems with pumped hydro storage: Review and future perspectives},
    journal = {Renewable Energy},
    volume = {148},
    pages = {176},
    year = {2020}
    }

    @article {,
    author = { Yang, Y. and Bremner, S. and Menictas, C. and Kay, M.},
    title = {Battery energy storage system size determination in renewable energy systems: A review},
    journal = {Renewable Sustainable Energy Rev.},
    volume = {91},
    pages = {109},
    year = {2018}
    }

    @article {,
    author = { Zhang, Z. and Ding, T. and Zhou, Q. and Sun, Y. and Qu, M. and Zeng, Z. and Ju, Y. and Li, L. and Wang, K. and Chi, F.},
    title = {A review of technologies and applications on versatile energy storage systems},
    journal = {Renewable Sustainable Energy Rev.},
    volume = {148},
    pages = {111263},
    year = {2021}
    }

    @article {,
    author = { Wali, S. B. and Hannan, M.A. and Reza, M.S. and Ker, P. J. and Begum, R.A. and Rahman, M.S. A. and Mansor, M.},
    title = {Battery storage systems integrated renewable energy sources: A biblio metric analysis towards future directions},
    journal = {J. Energy Storage},
    volume = {35},
    pages = {102296},
    year = {2021}
    }

    @article {,
    author = { Dubbers, D.},
    title = {Comparison of underwater with conventional pumped hydro-energy storage systems},
    journal = {J. Energy Storage},
    volume = {35},
    pages = {102283},
    year = {2021}
    }

    @article {,
    author = { Lu, B. and Blakers, A. and Stocks, M. and Do, T. N.},
    title = {Low-cost, low-emission 100\% renewable electricity in Southeast Asia supported by pumped hydro storage},
    journal = {Energy},
    volume = {236},
    pages = {121387},
    year = {2021}
    }

    @article {,
    author = { Al-Masri, H. M. and Magableh, S. K. and Abuelrub, A. and Alzaareer, K.},
    title = {Realistic coordination and sizing of a solar array combined with pumped hydro storage system},
    journal = {J. Energy Storage},
    volume = {41},
    pages = {102915},
    year = {2021}
    }

    @article {,
    author = { Javed, M. S. and Zhong, D. and Ma, T. and Song, A. and Ahmed, S.},
    title = {Hybrid pumped hydro and battery storage for renewable energy based power supply system},
    journal = {Appl. Energy},
    volume = {257},
    pages = {114026},
    year = {2020}
    }

    @article {,
    author = { Amaral Lopes, R. and Grønborg Junker, R. and Martins, J. and Murta-Pina, J. and Reynders, G. and Madsen, H.},
    title = {Characterisation and use of energy flexibility in water pumping and storage systems},
    journal = {Appl. Energy},
    volume = {277},
    pages = {115587},
    year = {2020}
    }

    @article {,
    author = { Bates, A. and Mukerjee, S. and Lee, S. C. and Lee, D. H. and Park, S.},
    title = {An analytical study of a lead-acid flow battery as an energy storage system},
    journal = {J. Power Sources},
    volume = {249},
    pages = {207},
    year = {2014}
    }

    @article {,
    author = { Kumar, D. and Kuhar, S. B. and Kanchan, D. K.},
    title = {Room temperature sodium-sulfur batteries as emerging energy source},
    journal = {J. Energy Storage},
    volume = {18},
    pages = {133},
    year = {2018}
    }

    @article {,
    author = { Baldinelli, A. and Barelli, L. and Bidini, G.},
    title = {Progress in renewable power exploitation: Reversible solid oxide cells-flywheel hybrid storage systems to enhance flexibility in micro-grids management},
    journal = {J. Energy Storage},
    volume = {23},
    pages = {202},
    year = {2019}
    }

    @article {,
    author = { Killer, M. and Farrokhseresht, M. and Paterakis, N. G.},
    title = {Implementation of large-scale Li-ion battery energy storage systems within the EMEA region},
    journal = {Appl. Energy},
    volume = {260},
    pages = {114166},
    year = {2020}
    }

    @article {,
    author = { Dicke, P. and Resch, S. and Steinbacher, F. and Luther, M. and German, R.},
    title = {A versatile and modular modeling framework for diverse storage unit simulations},
    journal = {J. Energy Storage},
    volume = {40},
    pages = {102758},
    year = {2021}
    }

    @article {,
    author = { Maddukuri, S. and Malka, D. and Chae, M. S. and Elias, Y. and Luski, S. and Aurbach, D.},
    title = {On the challenge of large energy storage by electrochemical devices},
    journal = {Electrochim. Acta},
    volume = {354},
    pages = {136771},
    year = {2020}
    }

    @article {,
    author = { Tong, Z. and Cheng, Z. and Tong, S.},
    title = {A review on the development of compressed air energy storage in China: Technical and economic challenges to commercialization},
    journal = {Renewable Sustainable Energy Rev.},
    volume = {135},
    pages = {110178},
    year = {2021}
    }

    @article {,
    author = { Mousavi G, S.M. and Faraji, F. and Majazi, A. and Al-Haddad, K.},
    title = {A comprehensive review of flywheel energy storage system technology},
    journal = {Renewable Sustainable Energy Rev.},
    volume = {67},
    pages = {477},
    year = {2017}
    }

    @article {,
    author = { Borri, E. and Zsembinszki, G. and Cabeza, L. F.},
    title = {Recent developments of thermal energy storage applications in the built environment: A bibliometric analysis and systematic review},
    journal = {Appl. Therm. Eng.},
    volume = {189},
    pages = {116666},
    year = {2021}
    }

    @article {,
    author = { Xiong, R. and Chen, H. and Wang, C. and Sun, F.},
    title = {Towards a smarter hybrid energy storage system based on battery and ultracapacitor-A critical review on topology and energy management},
    journal = {J. Cleaner Prod},
    volume = {202},
    pages = {1228},
    year = {2018}
    }

    @article {,
    author = { Jing, W. and Hung Lai, C. and Wong, S. H. W. and Wong, M. L. D.},
    title = {Battery-supercapacitor hybrid energy storage system in standalone DC microgrids: areview},
    journal = {IET Renew. Power Gener.},
    volume = {11},
    pages = {461},
    year = {2017}
    }

    @article {,
    author = { Hajiaghasi, S. and Salemnia, A. and Hamzeh, M.},
    title = {Hybrid energy storage system for microgrids applications: A review},
    journal = {J. Energy Storage},
    volume = {21},
    pages = {543},
    year = {2019}
    }

    @article {,
    author = { Mandal, S. and Thangarasu, S. and Thong, P. T. and Kim, S.-C. and Shim, J.-Y. and Jung, H.-Y.},
    title = {Positive electrode active material development opportunities through carbon addition in the lead-acid batteries: A recent progress},
    journal = {J. Power Sources},
    volume = {485},
    pages = {229336},
    year = {2021}
    }

    @article {,
    author = { Kebede, A. A. and Coosemans, T. and Messagie, M. and Jemal, T. and Behabtu, H. A. and Van Mierlo, J. and Berecibar, M.},
    title = {Techno-economic analysis of lithium-ion and lead-acid batteries in stationary energy storage application},
    journal = {J. Energy Storage},
    volume = {40},
    pages = {102748},
    year = {2021}
    }

    @article {,
    author = { Tan, S. Y. and Payne, D. J. and Hallett, J. P. and Kelsall, G. H.},
    title = {Developments in electrochemical processes for recycling lead-acid batteries},
    journal = {Curr. Opin. Electroche.},
    volume = {16},
    pages = {83},
    year = {2019}
    }

    @article {,
    author = { Kumar, D. and Kanchan, D. K. and Kumar, S.},
    title = {All solid state sodium-sulfur cells using composite sulfur cathode at room temperature conditions},
    journal = {Materials Today: Proceedings},
    volume = {12},
    pages = {536},
    year = {2019}
    }

    @article {,
    author = { Yan, Z. and Tian, Q. and Liang, Y. and Jing, L. and Hu, Z. and Hua, W. and Tayal, A. and Lai, W. and Wang, W. and Peng, J. and Wang, Y.-X. and Liu, J. and Chou, S.-L. and Lu, G.-Q. and Liu, H. and Dou, S.-X.},
    title = {Electrochemical release of catalysts in nanoreactors for solid sulfur redox reactions in room-temperature sodium-sulfur batteries},
    journal = {Cell Reports Physical Science},
    volume = {2},
    pages = {100539},
    year = {2021}
    }

    @article {,
    author = { Liu, X. and Li, Y. and Xu, X. and Zhou, L. and Mai, L.},
    title = {Rechargeable metal (Li, Na, Mg, Al)-sulfur batteries: Materials and advances},
    journal = {J. Energy Chem.},
    volume = {61},
    pages = {104},
    year = {2021}
    }

    @article {,
    author = { Sanchez-Diez, E. and Ventosa, E. and Guarnieri, M. and Trovo, A. and Flox, C. and Marcilla, R. and Soavi, F. and Mazur, P. and Aranzabe, E. and Ferret, R.},
    title = {Redox flow batteries: Status and perspective towards sustainable stationary energy storage},
    journal = {J. Power Sources},
    volume = {481},
    pages = {228804},
    year = {2021}
    }

    @article {,
    author = { Soloveichik, G. L.},
    title = {Battery technologies for large-scale stationary energy storage},
    journal = {Annu. Rev. Chem. Biomol Eng.},
    volume = {2},
    pages = {503},
    year = {2011}
    }

    @article {,
    author = { Hopkins, B. J. and Smith, K. C. and Slocum, A. H. and Chiang, Y. M.},
    title = {Component-cost and performance based comparison of flow and static batteries},
    journal = {J. Power Sources},
    volume = {293},
    pages = {1032},
    year = {2015}
    }

    @article {,
    author = { Skyllas-Kazacos, M. and Chakrabarti, M. H. and Hajimolana, S. A. and Mjalli, F. S. and Saleem, M.},
    title = {Progress in flow battery research and development},
    journal = {J. Electrochem. Soc.},
    volume = {158},
    pages = {R55},
    year = {2011}
    }

    @article {,
    author = { Arenas, L. F. and Ponce de Leon, C. and Walsh, F. C.},
    title = {Redox flow batteries for energy storage: their promise, achievements and challenges},
    journal = {Curr. Opin. Electroche.},
    volume = {16},
    pages = {117},
    year = {2019}
    }

    @article {,
    author = { Li, L. and Kim, S. and Wang, W. and Vijayakumar, M. and Nie, Z. and Chen, B. and Zhang, J. and Xia, G. and Hu, J. and Graff, G. and Liu, J. and Yang, Z.},
    title = {A stable vanadium redox-flow battery with high energy density for large-scale energy storage},
    journal = {Adv. Energy. Mater.},
    volume = {1},
    pages = {394},
    year = {2011}
    }

    @article {,
    author = { Zhang, K. and Yan, C. and Tang, A.},
    title = {Unveiling electrode compression impact on vanadium flow battery from polarization perspective via a symmetric cell configuration},
    journal = {J. Power Sources},
    volume = {479},
    pages = {228816},
    year = {2020}
    }


%%%%%%%%%%%%%%%%%%%%%%%%%%%%%%%%%%%%%%%%%%%%%%%%%%%%%%%%%%%%%%%%%%%%%%%%%%%%%%%%%%%%%%%%%%%%%%%%%%%%

%%%%%%%%%%%%%%%%%%%%%
%% GOES WITH MODELING SECTION
%%%%%%%%%%%%%%%%%%%%%

%%%%%%%%%%%%%%%%%%%%%%%%%%%%%%%%%%%%%%%%%%%%%%%%%%%%%%%%%%%%%%%%%%%%%%%%%%%%%%%%%%%%%%%%%%%%%%%%%%%%




    @article {,
    author = { Esan, O. C. and Shi, X. and Pan, Z. and Huo, X. and An, L. and Zhao, T.S.},
    title = {Modeling and simulation of flow batteries},
    journal = {Adv. Energy. Mater.},
    volume = {10},
    pages = {2000758},
    year = {2020}
    }
    
    
%%%%%%%%%%%%%%%%%%%%%%%%%%%%%%%%%%%%%%%%%%%%%%%%%%%%%%%%%%%%%%%%%%%%%%%%%%%%%%%%%%%%%%%%%%%%%%%%%%%%

%%%%%%%
%% OTHER
%%%%%%%

%%%%%%%%%%%%%%%%%%%%%%%%%%%%%%%%%%%%%%%%%%%%%%%%%%%%%%%%%%%%%%%%%%%%%%%%%%%%%%%%%%%%%%%%%%%%%%%%%%%%
    
    
    

    @article {,
    author = { Park, D. J. and Jeon, K. S. and Ryu, C. H. and Hwang, G. J.},
    title = {Performance of the all-vanadium redox flow battery stack},
    journal = {J. Ind. Eng. Chem.},
    volume = {45},
    pages = {387},
    year = {2017}
    }

    @article {,
    author = { Murthy, S. K. and Sharma, A. K. and Choo, C. and Birgersson, E.},
    title = {Analysis of concentration overpotential in an all-vanadium redox flow battery},
    journal = {J. Electrochem. Soc.},
    volume = {165},
    pages = {A1746},
    year = {2018}
    }

    @article {,
    author = { Delgado, N. M. and Monteiro, R. and Abdollahzadeh, M. and Ribeirinha, P. and Bentien, A. and Mendes, A.},
    title = {2D-dynamic phenomenological modelling of vanadium redox flow batteries-Analysis of the mass transport related overpotentials},
    journal = {J. Power Sources},
    volume = {480},
    pages = {229142},
    year = {2020}
    }

    @article {,
    author = { Petrov, M. M. and Modestov, A. D. and Konev, D. V. and Antipov, A. E. and Loktionov, P. A. and Pichugov, R. D. and Kartashova, N. V. and Glazkov, A. T. and Abunaeva, L. Z. and Andreev, V. N. and Vorotyntsev, M. A.},
    title = {Redox flow batteries: role in modern electric power industry and comparative characteristics of the main types},
    journal = {Russ. Chem. Rev.},
    volume = {90},
    pages = {677},
    year = {2021}
    }

    @article {,
    author = { Tang, A. and Bao, J. and Skyllas-Kazacos, M.},
    title = {Studies on pressure losses and flow rate optimization in vanadium redox flow battery},
    journal = {J. power sources},
    volume = {248},
    pages = {154},
    year = {2014}
    }

    @article {,
    author = { Aaron, D. and Tang, Z. and Papandrew, A. B. and Zawodzinski, T. A.},
    title = {Polarization curve analysis of all-vanadium redox flow batteries},
    journal = {J. Appl. Electrochem.},
    volume = {41},
    pages = {1175},
    year = {2011}
    }

    @article {,
    author = { Sankaralingam, R. K. and Seshadri, S. and Sunarso, J. and Bhatt, A. I. and Kapoor, A.},
    title = {Overview of the factors affecting the performance of vanadium redox flow batteries},
    journal = {J. Energy Storage},
    volume = {41},
    pages = {102857},
    year = {2021}
    }

    @article {,
    author = { Chou, H.-W. and Chang, F.-Z. and Wei, H.-J. and Singh, B. and Arpornwichanop, A. and Jienkulsawad, P. and Chou, Y.-S. and Chen, Y.-S.},
    title = {Locating shunt currents in a multistack system of all-vanadium redox flow batteries},
    journal = {ACS Sustain. Chem. Eng.},
    volume = {9},
    pages = {4648},
    year = {2021}
    }

    @article {,
    author = { Xiong, J. and Jing, M. and Tang, A. and Fan, X. and Liu, J. and Yan, C.},
    title = {Mechanical modelling and simulation analyses of stress distribution and material failure for vanadium redox flow battery},
    journal = {J. Energy Storage},
    volume = {15},
    pages = {133},
    year = {2018}
    }

    @article {,
    author = { Chou, Y. S. and Yen, S. C. and Arpornwichanop, A. and Singh, B. and Chen, Y. S.},
    title = {Mathematical model to study vanadium ion crossover in an all-vanadium redox flow battery},
    journal = {ACS Sustain. Chem. Eng.},
    volume = {9},
    pages = {5377},
    year = {2021}
    }

    @article {,
    author = { Li, B. and Liu, J.},
    title = {Progress and directions in low-cost redox-flow batteries for large-scale energy storage},
    journal = {Natl. Sci. Rev.},
    volume = {4},
    pages = {91},
    year = {2017}
    }

    @article {,
    author = { Park, M. and Ryu, J. and Wang, W. and Cho, J.},
    title = {Material design and engineering of next generation flow battery technologies},
    journal = {Nat. Rev. Mater.},
    volume = {2},
    pages = {116080},
    year = {2016}
    }

    @article {,
    author = { Sivakumar, B. M. and Prabhakaran, V. and Duanmu, K. and Thomsen, E. and Berland, B. and Gomez, N. and Reed, D. and Murugesan, V.},
    title = {Long-Term Structural and Chemical Stability of Carbon Electrodes in Vanadium Redox Flow Battery},
    journal = {ACS Appl. Energ Mater.},
    volume = {4},
    pages = {6074},
    year = {2021}
    }

    @article {,
    author = { Jing, M. and Xu, Z. and Fang, D. and Fan, X. and Liu, J. and Yan, C.},
    title = {Improvement of the Battery Performance of Vanadium Flow Battery by Enhancing the Specific Surface Area of the Carbon Felt Electrodes: II. Digging Effect},
    journal = {J. Electrochem. Soc.},
    volume = {168},
    pages = {030539},
    year = {2021}
    }

    @article {,
    author = { González, Z. and Vizireanu, S. and Dinescu, G. and Blanco, C. and Santamaría, R.},
    title = {Carbon nanowalls thin films as nanostructured electrode materials in vanadium redox flow batteries},
    journal = {Nano Energy},
    volume = {1},
    pages = {833},
    year = {2012}
    }

    @article {,
    author = { Oh, K. and Won, S. and Ju, H.},
    title = {Numerical study of the effects of carbon felt electrode compression in all-vanadium redox flow batteries},
    journal = {Electrochim. Acta},
    volume = {181},
    pages = {13},
    year = {2015}
    }

    @article {,
    author = { Gonzalez, Z. and Flox, C. and Blanco, C. and Granda, M. and Morante, J. R. and Menendez, R. and Santamaria, R.},
    title = {Outstanding electrochemical performance of a graphene-modified graphite felt for vanadium redox flow battery application},
    journal = {J. Power Sources},
    volume = {338},
    pages = {155},
    year = {2017}
    }

    @article {,
    author = { Wang, Q. and Qu, Z. G. and Jiang, Z. Y. and Yang, W. W.},
    title = {Experimental study on the performance of a vanadium redox flow battery with non-uniformly compressed carbon felt electrode},
    journal = {Appl. Energy},
    volume = {213},
    pages = {293},
    year = {2018}
    }

    @article {,
    author = { Ghimire, P. C. and Schweiss, R. and Scherer, G. G. and Lim, T. M. and Wai, N. and Bhattarai, A. and Yan, Q.},
    title = {Optimization of thermal oxidation of electrodes for the performance enhancement in all-vanadium redox flow batteries},
    journal = {Carbon},
    volume = {155},
    pages = {176},
    year = {2019}
    }

    @article {,
    author = { Deng, Q. and Tian, Y. and Ding, P. and Yue, J. and Zeng, X.-X. and Yin, Y.-X. and Wu, X.-W. and Lu, X.-Y. and Guo, Y.-G.},
    title = {Porous lamellar carbon assembled from Bacillus mycoides as high-performance electrode materials for vanadium redox flow batteries},
    journal = {J. Power Sources},
    volume = {450},
    pages = {227633},
    year = {2020}
    }

    @article {,
    author = { Abbas, A. and Abbas, S. and Bhattarai, A. and Latiff, N. M. and Wai, N. and Phan, A. N. and Lim, T. M.},
    title = {Effect of electrode porosity on the charge transfer in vanadium redox flow battery},
    journal = {J. Power Sources},
    volume = {488},
    pages = {229411},
    year = {2021}
    }

    @article {,
    author = { Yadav, S. and Kok, M. D.R. and Forner-Cuenca, A. and Tenny, K. M. and Chiang, Y.-M. and Brushett, F. R. and Jervis, R. and Shearing, P. R. and Brett, D. and Roberts, E. P.L. and Gostick, J. T.},
    title = {Fabrication of high surface area ribbon electrodes for use in redox flow batteries via coaxial electrospinning},
    journal = {J. Energy Storage},
    volume = {33},
    pages = {102079},
    year = {2021}
    }

    @article {,
    author = { Kwon, S. and Suharto, Y. and Kim, K. J.},
    title = {Facile preparation of an oxygen-functionalized carbon felt electrode to improve VO2+/VO2+ redox chemistry in vanadium redox flow batteries},
    journal = {J. Ind. Eng. Chem.},
    volume = {98},
    pages = {231},
    year = {2021}
    }

    @article {,
    author = { Wu, X. and Liu, J. and Xiang, X. and Zhang, J. and Hu, J. and Wu, Y.},
    title = {Electrolytes for vanadium redox flow batteries},
    journal = {Pure Appl. Chem.},
    volume = {86},
    pages = {661},
    year = {2014}
    }

    @article {,
    author = { Martin, J. and Schafner, K. and Turek, T.},
    title = {Preparation of Electrolyte for Vanadium Redox-Flow Batteries Based on Vanadium Pentoxide},
    journal = {Energy Technol-Ger},
    volume = {8},
    pages = {2000522},
    year = {2020}
    }

    @article {,
    author = { Buckley, D. N. and Oboroceanu, D. and Quill, N. and Lenihan, C. and Lynch, R. P.},
    title = {Modelling and Accelerated Testing of Catholyte Stability in Vanadium Flow Batteries},
    journal = {J. Electrochem. Soc.},
    volume = {168},
    pages = {030530},
    year = {2021}
    }

    @article {,
    author = { Wang, G. and Chen, J. and Wang, X. and Tian, J. and Kang, H. and Zhu, X. and Zhang, Y. and Liu, X. and Wang, R.},
    title = {Study on stabilities and electrochemical behavior of V (V) electrolyte with acid additives for vanadium redox flow battery},
    journal = {J. Energy Chem.},
    volume = {23},
    pages = {73},
    year = {2014}
    }

    @article {,
    author = { Zhang, Y. and Liu, L. and Xi, J. and Wu, Z. and Qiu, X.},
    title = {The benefits and limitations of electrolyte mixing in vanadium flow batteries},
    journal = {Appl. Energy},
    volume = {204},
    pages = {373},
    year = {2017}
    }

    @article {,
    author = { Cecchetti, M. and Casalegno, A. and Zago, M.},
    title = {Local potential measurement through reference electrodes in vanadium redox flow batteries: Evaluation of overpotentials and electrolytes imbalance},
    journal = {J. Power Sources},
    volume = {400},
    pages = {218},
    year = {2018}
    }

    @article {,
    author = { Yang, Y. and Zhang, Y. and Tang, L. and Liu, T. and Huang, J. and Peng, S. and Yang, X.},
    title = {Investigations on physicochemical properties and electrochemical performance of sulfate-chloride mixed acid electrolyte for vanadium redox flow battery},
    journal = {J. Power Sources},
    volume = {434},
    pages = {226719},
    year = {2019}
    }

    @article {,
    author = { Jirabovornwisut, T. and Arpornwichanop, A.},
    title = {A review on the electrolyte imbalance in vanadium redox flow batteries},
    journal = {Int. J. Hydrogen Energy},
    volume = {44},
    pages = {24485},
    year = {2019}
    }

    @article {,
    author = { Murugesan, V. and Nie, Z. and Zhang, X. and Gao, P. and Zhu, Z. and Huang, Q. and Yan, L. and Reed, D. and Wang, W.},
    title = {Accelerated design of vanadium redox flow battery electrolytes through tunable solvation chemistry},
    journal = {Cell Reports Physical Science},
    volume = {2},
    pages = {100323},
    year = {2021}
    }

    @article {,
    author = { Poli, N. and Schaffer, M. and Trovo, A. and Noack, J. and Guarnieri, M. and Fischer, P.},
    title = {Novel electrolyte rebalancing method for vanadium redox flow batteries},
    journal = {Chem. Eng. J.},
    volume = {405},
    pages = {126583},
    year = {2021}
    }

    @article {,
    author = { Shin, J. and Jeong, B. and Chinannai, M. F. and Ju, H.},
    title = {Mitigation of water and electrolyte imbalance in all-vanadium redox flow batteries},
    journal = {Electrochim. Acta},
    volume = {390},
    pages = {138858},
    year = {2021}
    }

    @article {,
    author = { Zhang, Z. H. and Wei, L. and Wu, M. C. and Bai, B. F. and Zhao, T. S.},
    title = {Chloride ions as an electrolyte additive for high performance vanadium redox flow batteries},
    journal = {Appl. Energy},
    volume = {289},
    pages = {116690},
    year = {2021}
    }

    @article {,
    author = { Kim, G. and Kim, Y. and Yim, T. and Kwon, K.},
    title = {Effects of methanesulfonic acid on electrolyte for vanadium redox flow batteries},
    journal = {J. Ind. Eng. Chem.},
    volume = {99},
    pages = {326},
    year = {2021}
    }

    @article {,
    author = { Zhang, D. and Xin, L. and Xia, Y. and Dai, L. and Qu, K. and Huang, K. and Fan, Y. and Xu, Z.},
    title = {Advanced Nafion hybrid membranes with fast proton transport channels toward high-performance vanadium redox flow battery},
    journal = {J. Membr. Sci.},
    volume = {624},
    pages = {119047},
    year = {2021}
    }

    @article {,
    author = { Jiang, B. and Wu, L. and Yu, L. and Qiu, X. and Xi, J.},
    title = {A comparative study of Nafion series membranes for vanadium redox flow batteries},
    journal = {J. Membr. Sci.},
    volume = {510},
    pages = {18},
    year = {2016}
    }

    @article {,
    author = { Li, X. and Zhang, H. and Mai, Z. and Zhang, H. and Vankelecom, I.},
    title = {Ion exchange membranes for vanadium redox flow battery (VRB) applications},
    journal = {Energy Environ. Sci.},
    volume = {4},
    pages = {1147},
    year = {2011}
    }

    @article {,
    author = { Amiri, H. and Khosravi, M. and Ejeian, M. and Razmjou, A.},
    title = {Designing Ion-Selective Membranes for Vanadium Redox Flow Batteries},
    journal = {Adv. Mater. Technol-US},
    volume = {6},
    pages = {2001308},
    year = {2021}
    }

    @article {,
    author = { Thiam, B. G. and Vaudreuil, S.},
    title = {Recent Membranes for Vanadium Redox Flow Batteries},
    journal = {J. Electrochem. Soc.},
    volume = {168},
    pages = {070553},
    year = {2021}
    }

    @article {,
    author = { Shi, Y. and Eze, C. and Xiong, B. and He, W. and Zhang, H. and Lim, T.M. and Ukil, A. and Zhao, J.},
    title = {Recent development of membrane for vanadium redox flow battery applications: A review},
    journal = {Appl. Energy},
    volume = {238},
    pages = {202},
    year = {2019}
    }

    @article {,
    author = { Zhou, X. L. and Zhao, T. S. and An, L. and Wei, L. and Zhang, C.},
    title = {The use of polybenzimidazole membranes in vanadium redox flow batteries leading to increased coulombic efficiency and cycling performance},
    journal = {Electrochim. Acta},
    volume = {153},
    pages = {492},
    year = {2015}
    }

    @article {,
    author = { Yu, L. and Xi, J.},
    title = {Durable and efficient PTFE sandwiched SPEEK membrane for vanadium flow batteries},
    journal = {ACS Appl. Mater. Interfaces},
    volume = {8},
    pages = {23425},
    year = {2016}
    }

    @article {,
    author = { Ye, J. and Zhao, X. and Ma, Y. and Su, J. and Xiang, C. and Zhao, K. and Ding, M. and Jia, C. and Sun, L.},
    title = {Hybrid Membranes Dispersed with Superhydrophilic TiO2 Nanotubes Toward Ultra-Stable and High-Performance Vanadium Redox Flow Batteries},
    journal = {Adv. Energy. Materials.},
    volume = {10},
    pages = {1904041},
    year = {2020}
    }

    @article {,
    author = { Xu, W. and Long, J. and Liu, J. and Luo, H. and Duan, H. and Zhang, Y. and Li, J. and Qi, X. and Chu, L.},
    title = {A novel porous polyimide membrane with ultrahigh chemical stability for application in vanadium redox flow battery},
    journal = {Chem. Eng. J.},
    volume = {428},
    pages = {131203},
    year = {2022}
    }

    @article {,
    author = { Khataee, A. and Pan, D. and Olsson, J. S. and Jannasch, P. and Lindström, R. W.},
    title = {Asymmetric cycling of vanadium redox flow batteries with a poly (arylene piperidinium)-based anion exchange membrane},
    journal = {J. Power Sources},
    volume = {483},
    pages = {229202},
    year = {2021}
    }

    @article {,
    author = { Singh, A. K. and Sharma, P. and Singh, K. and Shahi, V. K.},
    title = {Improved performance of vanadium redox flow battery with tuneable alkyl spacer based cross-linked anion exchange membranes},
    journal = {J. Power Sources},
    volume = {520},
    pages = {230856},
    year = {2022}
    }

    @article {,
    author = { Ghasemiestahbanati, E. and Shaibani, M. and Konstas, K. and Chakrabarti, B. K. and Low, C. J. and Majumder, M. and Hill, M. R.},
    title = {Charge Carrier Molecular Sieve (CCMS) Membranes with Anti-aging Effect for Long-Life Vanadium Redox Flow Batteries},
    journal = {ACS Appl. Energy Mater.},
    volume = {5},
    pages = {1505},
    year = {2022}
    }

    @article {,
    author = { Xiong, K. and Wu, W. and Wang, S. and Zhang, L.},
    title = {Modeling, design, materials and fabrication of bipolar plates for proton exchange membrane fuel cell: A review},
    journal = {Appl. Energy},
    volume = {301},
    pages = {117443},
    year = {2021}
    }

    @article {,
    author = { Baik, K. D. and Seo, I. S.},
    title = {Metallic bipolar plate with a multi-hole structure in the rib regions for polymer electrolyte membrane fuel cells},
    journal = {Appl. Energy},
    volume = {212},
    pages = {333},
    year = {2018}
    }

    @article {,
    author = { Satola, B.},
    title = {Bipolar Plates for the Vanadium Redox Flow Battery},
    journal = {J. Electrochem. Soc.},
    volume = {168},
    pages = {060503},
    year = {2021}
    }

    @article {,
    author = { Kim, K. H. and Kim, B. G. and Lee, D. G.},
    title = {Development of carbon composite bipolar plate (BP) for vanadium redox flow battery (VRFB)},
    journal = {Compos. Struct.},
    volume = {109},
    pages = {253},
    year = {2014}
    }

    @article {,
    author = { Choe, J. and Kim, J. and Lee, D. G.},
    title = {Shape optimization of the corrugated composite bipolar plate (CCBP) for vanadium redox flow batteries (VRFBs)},
    journal = {Compos. Struct.},
    volume = {158},
    pages = {333},
    year = {2016}
    }

    @article {,
    author = { Liao, W. and Jiang, F. and Zhang, Y. and Zhou, X. and He, Z.},
    title = {Highly-conductive composite bipolar plate based on ternary carbon materials and its performance in redox flow batteries},
    journal = {Renewable Energy},
    volume = {152},
    pages = {1310},
    year = {2020}
    }

    @article {,
    author = { Kim, S. and Yoon, Y. and Narejo, G. M. and Jung, M. and Kim, K. J. and Kim, Y.-J.},
    title = {Flexible graphite bipolar plates for vanadium redox flow batteries},
    journal = {Int. J. Energy Res.},
    volume = {45},
    pages = {11098},
    year = {2021}
    }

    @article {,
    author = { Duan, Z. and Qu, Z. and Ren, Q. and Zhang, J.},
    title = {Review of Bipolar Plate in Redox Flow Batteries: Materials, Structures, and Manufacturing},
    journal = {Electrochem. Energy. Rev.},
    volume = {4},
    pages = {718},
    year = {2021}
    }

    @article {,
    author = { Turker, B. and Arroyo Klein, S. and Hammer, E.-M. and Lenz, B. and Komsiyska, L.},
    title = {Modeling a vanadium redox flow battery system for large scale applications},
    journal = {Energy Convers. Manage.},
    volume = {66},
    pages = {26},
    year = {2013}
    }
    
    
    
 %%%%%%%%%%%%%%%%%%%%%%%%%%%%%%%%%%%%%%%%%%%%%%%%%%%%%%%%%%%%%%%%%%%%%%%%%%%%%%%%%%%%%%%%%%%%%%%%%%%%

%%%%%%%%%%%%%%%%%%%
%% EQUIVALENT CIRCUIT MODEL
%%%%%%%%%%%%%%%%%%%

%%%%%%%%%%%%%%%%%%%%%%%%%%%%%%%%%%%%%%%%%%%%%%%%%%%%%%%%%%%%%%%%%%%%%%%%%%%%%%%%%%%%%%%%%%%%%%%%%%%%

    
    

    @article {,
    author = { Mohamed, M. R. and Ahmad, H. and Seman, M. A. and Razali, S. and Najib, M. S.},
    title = {Electrical circuit model of a vanadium redox flow battery using extended Kalman filter},
    journal = {J. Power Sources},
    volume = {239},
    pages = {284},
    year = {2013}
    }

    @article {,
    author = { Xiong, B. and Zhao, J. and Wei, Z. and Skyllas-Kazacos, M.},
    title = {Extended Kalman filter method for state of charge estimation of vanadium redox flow battery using thermal-dependent electrical model},
    journal = {J. Power Sources},
    volume = {262},
    pages = {50},
    year = {2014}
    }

    @article {,
    author = { Han, D. and Yoo, K. and Lee, P. and Kim, S. and Kim, J.},
    title = {Equivalent circuit model considering self-discharge for SoC estimation of vanadium redox flow battery},
    journal = {Proc. 21st Int. Conf Electr Mach Syst. (ICEMS)},
    volume = {na},
    pages = {2171},
    year = {2018}
    }

    @article {,
    author = { Zhang, Y. and Zhao, J. and Wang, P. and Skyllas-Kazacos, M. and Xiong, B. and Badrinarayanan, R.},
    title = {A comprehensive equivalent circuit model of all-vanadium redox flow battery for power system analysis},
    journal = {J. Power Sources},
    volume = {290},
    pages = {14},
    year = {2015}
    }
    

    @article {,
    author = { Bhattacharjee, A. and Roy, A. and Banerjee, N. and Patra, S. and Saha, H.},
    title = {Precision dynamic equivalent circuit model of a Vanadium Redox Flow Battery and determination of circuit parameters for its optimal performance in renewable energy applications},
    journal = {J. Power Sources},
    volume = {396},
    pages = {506},
    year = {2018}
    }


%%%%%%%%%%%%%%%%%%%%%%%%%%%%%%%%%%%%%%%%%%%%%%%%%%%%%%%%%%%%%%%%%%%%%%%%%%%%%%%%%%%%%%%%%%%%%%%%%%%%

%%%%%%%%%%%%%%%%%%
%% ELECTROCHEMICAL MODEL
%%%%%%%%%%%%%%%%%%

%%%%%%%%%%%%%%%%%%%%%%%%%%%%%%%%%%%%%%%%%%%%%%%%%%%%%%%%%%%%%%%%%%%%%%%%%%%%%%%%%%%%%%%%%%%%%%%%%%%%




    @article {,
    author = { Gu, F. C. and Chen, H. C. and Li, K. Y.},
    title = {Mathematic Modeling and Performance Analysis of Vanadium Redox Flow Battery},
    journal = {Energy Fuels},
    volume = {34},
    pages = {10142},
    year = {2020}
    }

    @article {,
    author = { Kim, D. K. and Yoon, S. J. and Lee, J. and Kim, S.},
    title = {Parametric study and flow rate optimization of all-vanadium redox flow batteries},
    journal = {Appl. Energy},
    volume = {228},
    pages = {891},
    year = {2018}
    }

    @article {,
    author = { Xu, Q. and Zhao, T. S. and Zhang, C.},
    title = {Effects of SOC-dependent electrolyte viscosity on performance of vanadium redox flow batteries},
    journal = {Appl. Energy},
    volume = {130},
    pages = {139},
    year = {2014}
    }

    @article {,
    author = { Yang, W. W. and Yan, F. Y. and Qu, Z. G. and He, Y. L.},
    title = {Effect of various strategies of soc-dependent operating current on performance of a vanadium redox flow battery},
    journal = {Electrochim. Acta},
    volume = {259},
    pages = {772},
    year = {2018}
    }



%%%%%%%%%%%%%%%%%%%%%%%%%%%%%%%%%%%%%%%%%%%%%%%%%%%%%%%%%%%%%%%%%%%%%%%%%%%%%%%%%%%%%%%%%%%%%%%%%%%%

%%%%%%%%%%%%%%%%%%%%%%
%% MULTIPHYSICS COUPLING MODELS
%%%%%%%%%%%%%%%%%%%%%%

%%%%%%%%%%%%%%%%%%%%%%%%%%%%%%%%%%%%%%%%%%%%%%%%%%%%%%%%%%%%%%%%%%%%%%%%%%%%%%%%%%%%%%%%%%%%%%%%%%%%




    @article {,
    author = { Sadeghi, M. A. and Aganou, M. and Kok, M. and Aghighi, M. and Merle, G. and Barralet, J. and Gostick, J.},
    title = {Exploring the impact of electrode microstructure on redox flow battery performance using a multiphysics pore network model},
    journal = {J. Electrochem. Soc.},
    volume = {166},
    pages = {A2121},
    year = {2019}
    }

    @article {,
    author = { Chen, Y. and Xu, Z. and Wang, C. and Bao, J. and Koeppel, B. and Yan, L. and Gao, P. and Wang, W.},
    title = {Analytical modeling for redox flow battery design},
    journal = {J. Power Sources},
    volume = {482},
    pages = {228817},
    year = {2021}
    }

    @article {,
    author = { Lee, J. and Kim, J. and Park, H.},
    title = {Numerical simulation of the power-based efficiency in vanadium redox flow battery with different serpentine channel size},
    journal = {Int. J. Hydrogen Energy},
    volume = {44},
    pages = {29483},
    year = {2019}
    }

    @article {,
    author = { Zhang, B. W. and Lei, Y. and Bai, B. F. and Zhao, T. S.},
    title = {A two-dimensional model for the design of flow fields in vanadium redox flow batteries},
    journal = {Int. J. Heat Mass Transfer},
    volume = {135},
    pages = {460},
    year = {2019}
    }

    @article {,
    author = { Yin, C. and Gao, Y. and Guo, S. and Tang, H.},
    title = {A coupled three dimensional model of vanadium redox flow battery for flow field designs},
    journal = {Energy},
    volume = {74},
    pages = {886},
    year = {2014}
    }

    @article {,
    author = { Merei, G. and Adler, S. and Magnor, D. and Leuthold, M. and Sauer, D. U.},
    title = {Multi-physics model for a vanadium redox flow battery},
    journal = {Energy Procedia},
    volume = {46},
    pages = {194},
    year = {2014}
    }

    @article {,
    author = { Messaggi, M. and Canzi, P. and Mereu, R. and Baricci, A. and Inzoli, F. and Casalegno, A. and Zago, M.},
    title = {Analysis of flow field design on vanadium redox flow battery performance: Development of 3D computational fluid dynamic model and experimental validation},
    journal = {Appl. Energy},
    volume = {228},
    pages = {1057},
    year = {2018}
    }

    @article {,
    author = { Merei, G. and Adler, S. and Magnor, D. and Sauer, D. U.},
    title = {Multi-physics model for the aging prediction of a vanadium redox flow battery system},
    journal = {Electrochim. Acta},
    volume = {174},
    pages = {945},
    year = {2015}
    }

    @article {,
    author = { Castro, M. T. and Del Rosario, J. A. D. and Chong, M. N. and Chuang, P.-Y. A. and Lee, J. and Ocon, J. D.},
    title = {Multiphysics modeling of lithium-ion, lead-acid, and vanadium redox flow batteries},
    journal = {J. Energy Storage},
    volume = {42},
    pages = {102982},
    year = {2021}
    }


%%%%%%%%%%%%%%%%%%%%%%%%%%%%%%%%%%%%%%%%%%%%%%%%%%%%%%%%%%%%%%%%%%%%%%%%%%%%%%%%%%%%%%%%%%%%%%%%%%%%

%%%%%%%%%%%%%%%%%%%%%%%%%%%%%%%
%% DEVELOPMENT + PROSPECTS OF OTHER MODELS
%%%%%%%%%%%%%%%%%%%%%%%%%%%%%%%

%%%%%%%%%%%%%%%%%%%%%%%%%%%%%%%%%%%%%%%%%%%%%%%%%%%%%%%%%%%%%%%%%%%%%%%%%%%%%%%%%%%%%%%%%%%%%%%%%%%%



    @article {,
    author = { Xu, Q. T. and Zhao, S.},
    title = {Fundamental models for flow batteries},
    journal = {Prog. Energy. Combust. Sci.},
    volume = {49},
    pages = {40},
    year = {2015}
    }


%%%%%%%%%%%%%%%%%%%%%%%%%%%%%%%%%%%%%%%%%%%%%%%%%%%%%%%%%%%%%%%%%%%%%%%%%%%%%%%%%%%%%%%%%%%%%%%%%%%%

%%%%%%%%%
%% OTHER
%%%%%%%%%

%%%%%%%%%%%%%%%%%%%%%%%%%%%%%%%%%%%%%%%%%%%%%%%%%%%%%%%%%%%%%%%%%%%%%%%%%%%%%%%%%%%%%%%%%%%%%%%%%%%%



%    @article {,
%    author = { Zheng, Q. and Xing, F. and Li, X. and Liu, T. and Lai, Q. and Ning, G. and Zhang, H.},
%    title = {Investigation on the performance evaluation method of flow batteries},
%    journal = {J. Power Sources},
%    volume = {266},
%    pages = {145},
%    year = {2014}
%    }
%
%    @article {,
%    author = { Lourenssen, K. and Williams, J. and Ahmadpour, F. and Clemmer, R. and Tasnim, S.},
%    title = {Vanadium redox flow batteries: A comprehensive review},
%    journal = {J. Energy Storage},
%    volume = {25},
%    pages = {100844},
%    year = {2019}
%    }
%
%    @article {,
%    author = { Al-Yasiri, M. and Park, J.},
%    title = {Study on channel geometry of all-vanadium redox flow batteries},
%    journal = {J. Electrochem. Soc.},
%    volume = {164},
%    pages = {A1970},
%    year = {2017}
%    }
%
%    @article {,
%    author = { Xu, Q. and Zhao, T. S. and Leung, P. K.},
%    title = {Numerical investigations of flow field designs for vanadium redox flow batteries},
%    journal = {Appl. Energy},
%    volume = {105},
%    pages = {47},
%    year = {2013}
%    }
%
%    @article {,
%    author = { Ali, E. and Kwon, H. and Kim, J. and Park, H.},
%    title = {Numerical study on serpentine design flow channel configurations for vanadium redox flow batteries},
%    journal = {J. Energy Storage},
%    volume = {32},
%    pages = {101802},
%    year = {2020}
%    }
%
%    @article {,
%    author = { García-Salaberri, P. A. and Gokoglan, T. C. and Ibáñez, S. E. and Agar, E. and Vera, M.},
%    title = {Modeling the effect of channel tapering on the pressure drop and flow distribution characteristics of interdigitated flow fields in redox flow batteries},
%    journal = {Processes},
%    volume = {8},
%    pages = {775},
%    year = {2020}
%    }
%
%    @article {,
%    author = { Li, F. and Wei, Y. and Tan, P. and Zeng, Y. and Yuan, Y.},
%    title = {Numerical investigations of effects of the interdigitated channel spacing on overall performance of vanadium redox flow batteries},
%    journal = {J. Energy Storage},
%    volume = {32},
%    pages = {101781},
%    year = {2020}
%    }
%
%    @article {,
%    author = { Gundlapalli, R. and Jayanti, S.},
%    title = {Effect of channel dimensions of serpentine flow fields on the performance of a vanadium redox flow battery},
%    journal = {J. Energy Storage},
%    volume = {23},
%    pages = {148},
%    year = {2019}
%    }
%
%    @article {,
%    author = { Duan, Z. N. and Qu, Z. G. and Wang, Q. and Wang, J. J.},
%    title = {Structural modification of vanadium redox flow battery with high electrochemical corrosion resistance},
%    journal = {Appl. Energy},
%    volume = {250},
%    pages = {1632},
%    year = {2019}
%    }
%
%    @article {,
%    author = { Kumar, S. and Jayanti, S.},
%    title = {Effect of flow field on the performance of an all-vanadium redox flow battery},
%    journal = {J. Power Sources},
%    volume = {307},
%    pages = {782},
%    year = {2016}
%    }
%
%    @article {,
%    author = { Zheng, Q. and Xing, F. and Li, X. and Ning, G. and Zhang, H.},
%    title = {Flow field design and optimization based on the mass transport polarization regulation in a flow-through type vanadium flow battery},
%    journal = {J. Power Sources},
%    volume = {324},
%    pages = {402},
%    year = {2016}
%    }
%
%    @article {,
%    author = { Ke, X. and Prahl, J. M. and Alexander, J. I. D. and Wainright, J. S. and Zawodzinski, T. A. and Savinell, R. F.},
%    title = {Rechargeable redox flow batteries: flow fields, stacks and design considerations},
%    journal = {Chem. Soc. Rev.},
%    volume = {47},
%    pages = {8721},
%    year = {2018}
%    }
%
%    @article {,
%    author = { Moro, F. and Trovo, A. and Bortolin, S. and Del Col, D. and Guarnieri, M.},
%    title = {An alternative low-loss stack topology for vanadium redox flow battery: Comparative assessment},
%    journal = {J. Power Sources},
%    volume = {340},
%    pages = {229},
%    year = {2017}
%    }
%
%    @article {,
%    author = { König, S. and Suriyah, M. R. and Leibfried, T.},
%    title = {Validating and improving a zero-dimensional stack voltage model of the Vanadium Redox Flow Battery},
%    journal = {J. Power Sources},
%    volume = {378},
%    pages = {10},
%    year = {2018}
%    }
%
%    @article {,
%    author = { Lisboa, K. M. and Marschewski, J. and Ebejer, N. and Ruch, P. and Cotta, R. M. and Michel, B. and Poulikakos, D.},
%    title = {Mass transport enhancement in redox flow batteries with corrugated fluidic networks},
%    journal = {J. Power Sources},
%    volume = {359},
%    pages = {322},
%    year = {2017}
%    }
%
%    @article {,
%    author = { Wu, X. and Yuan, X. and Wang, Z. and Liu, J. and Hu, Y. and Deng, Q. and Yin, X. and Zhou, Q. and Zhou, W. and Wu, Y.},
%    title = {Electrochemical performance of 5 kW all-vanadium redox flow battery stack with a flow frame of multi-distribution channels},
%    journal = {J. Solid State Electrochem.},
%    volume = {21},
%    pages = {429},
%    year = {2017}
%    }

%    @article {,
%    author = { Yue, M. and Zheng, Q. and Xing, F. and Zhang, H. and Li, X. and Ma, X.},
%    title = {Flow field design and optimization of high power density vanadium flow batteries: A novel trapezoid flow battery},
%    journal = {AlChE J.},
%    volume = {64},
%    pages = {782},
%    year = {2018}
%    }
%
%    @article {,
%    author = { Zeng, Y. and Li, F. and Lu, F. and Zhou, X. and Yuan, Y. and Cao, X. and Xiang, B.},
%    title = {A hierarchical interdigitated flow field design for scale-up of high-performance redox flow batteries},
%    journal = {Appl. Energy},
%    volume = {238},
%    pages = {435},
%    year = {2019}
%    }
%
%    @article {,
%    author = { Sun, J. and Zheng, M. and Luo, Y. and Yu, Z.},
%    title = {Three-dimensional detached serpentine flow field design for redox flow batteries},
%    journal = {J. Power Sources},
%    volume = {428},
%    pages = {136},
%    year = {2019}
%    }
%
%    @article {,
%    author = { Lu, M.-Y. and Deng, Y.-M. and Yang, W.-W. and Ye, M. and Jiao, Y.-H. and Xu, Q.},
%    title = {A novel rotary serpentine flow field with improved electrolyte penetration and species distribution for vanadium redox flow battery},
%    journal = {Electrochim. Acta},
%    volume = {361},
%    pages = {137089},
%    year = {2020}
%    }
%
%    @article {,
%    author = { Sun, Z. W. and Duan, Z. N. and Bai, J. Q. and Wang, Y.},
%    title = {Numerical study of the performance of all vanadium redox flow battery by changing the cell structure},
%    journal = {J. Energy Storage},
%    volume = {29},
%    pages = {101370},
%    year = {2020}
%    }
%
%    @article {,
%    author = { Gundlapalli, R. and Jayanti, S.},
%    title = {Effective splitting of serpentine flow field for applications in large-scale flow batteries},
%    journal = {J. Power Sources},
%    volume = {487},
%    pages = {229409},
%    year = {2021}
%    }
%
%    @article {,
%    author = { Lu, M.-Y. and Jiao, Y.-H. and Tang, X.-Y. and Yang, W.-W. and Ye, M. and Xu, Q.},
%    title = {Blocked serpentine flow field with enhanced species transport and improved flow distribution for vanadium redox flow battery},
%    journal = {J. Energy Storage},
%    volume = {35},
%    pages = {102284},
%    year = {2021}
%    }
%
%    @article {,
%    author = { Huang, Z. and Mu, A. and Wu, L. and Wang, H. and Zhang, Y.},
%    title = {Electrolyte flow optimization and performance metrics analysis of vanadium redox flow battery for large-scale stationary energy storage},
%    journal = {Int. J. Hydrogen Energy},
%    volume = {46},
%    pages = {31952},
%    year = {2021}
%    }
%
%    @article {,
%    author = { Gundlapalli, R. and Kumar, S. and Jayanti, S.},
%    title = {Stack design considerations for vanadium redox flow battery},
%    journal = {INAE Letters},
%    volume = {3},
%    pages = {149},
%    year = {2018}
%    }
%
%    @article {,
%    author = { Reed, D. and Thomsen, E. and Li, B. and Wang, W. and Nie, Z. and Koeppel, B. and Kizewski, J. and Sprenkle, V.},
%    title = {Stack developments in a kW class all vanadium mixed acid redox flow battery at the Pacific Northwest National Laboratory},
%    journal = {J. Electrochem. Soc.},
%    volume = {163},
%    pages = {A5211},
%    year = {2016}
%    }
%
%    @article {,
%    author = { Zhao, P. and Zhang, H. and Zhou, H. and Chen, J. and Gao, S. and Yi, B.},
%    title = {Characteristics and performance of 10 kW class all-vanadium redox-flow battery stack},
%    journal = {J. Power Sources},
%    volume = {162},
%    pages = {1416},
%    year = {2006}
%    }
%
%    @article {,
%    author = { Chen, H. and Li, X. and Gao, H. and Liu, J. and Yan, C. and Tang, A.},
%    title = {Numerical modelling and in-depth analysis of multi-stack vanadium flow battery module incorporating transport delay},
%    journal = {Appl. Energy},
%    volume = {247},
%    pages = {13},
%    year = {2019}
%    }
%
%    @article {,
%    author = { Zou, T. and Shi, X. and Yu, L.},
%    title = {Study on energy loss of 35 kW all vanadium redox flow battery energy storage system under closed-loop flow strategy},
%    journal = {J. Power Sources},
%    volume = {490},
%    pages = {229514},
%    year = {2021}
%    }
%
%    @article {,
%    author = { Huang, Z. and Mu, A.},
%    title = {Flow field design and performance analysis of vanadium redox flow battery},
%    journal = {Ionics},
%    volume = {27},
%    pages = {5207},
%    year = {2021}
%    }
%
%    @article {,
%    author = { Sun, J. and Shi, D. and Zhong, H. and Li, X. and Zhang, H.},
%    title = {Investigations on the self-discharge process in vanadium flow battery},
%    journal = {J. Power Sources},
%    volume = {294},
%    pages = {562},
%    year = {2015}
%    }
%
%    @article {,
%    author = { Kim, D. K. and Yoon, S. J. and Kim, S.},
%    title = {Transport phenomena associated with capacity loss of all-vanadium redox flow battery},
%    journal = {Int. J. Heat Mass Transfer},
%    volume = {148},
%    pages = {119040},
%    year = {2020}
%    }
%
%    @article {,
%    author = { Li, Z. and Xi, J. and Liu, L. and Wu, Z. and Li, D.},
%    title = {Method of reflow and online electrolysis in the vanadium redox battery: benefits and limitations},
%    journal = {ACS Sustain. Chem. Eng.},
%    volume = {8},
%    pages = {10275},
%    year = {2020}
%    }
%
%    @article {,
%    author = { Tang, A. and Bao, J. and Skyllas-Kazacos, M.},
%    title = {Dynamic modelling of the effects of ion diffusion and side reactions on the capacity loss for vanadium redox flow battery},
%    journal = {J. Power Sources},
%    volume = {196},
%    pages = {10737},
%    year = {2011}
%    }
%
%    @article {,
%    author = { Wei, Z. and Bhattarai, A. and Zou, C. and Meng, S. and Lim, T. M. and Skyllas-Kazacos, M.},
%    title = {Real-time monitoring of capacity loss for vanadium redox flow battery},
%    journal = {J. Power Sources},
%    volume = {390},
%    pages = {261},
%    year = {2018}
%    }
%
%    @article {,
%    author = { Liu, B. and Zheng, M. and Sun, J. and Yu, Z.},
%    title = {Variable current strategy for boosting the effective energy capacity in vanadium redox flow batteries},
%    journal = {J. Energy Storage},
%    volume = {27},
%    pages = {101058},
%    year = {2020}
%    }
%
%    @article {,
%    author = { Oh, K. and Moazzam, M. and Gwak, G. and Ju, H.},
%    title = {Water crossover phenomena in all-vanadium redox flow batteries},
%    journal = {Electrochim. Acta},
%    volume = {297},
%    pages = {101},
%    year = {2019}
%    }
%
%    @article {,
%    author = { Khaki, B. and Das, P.},
%    title = {Voltage Loss and Capacity Fade Reduction in Vanadium Redox Battery by Electrolyte Flow Control},
%    journal = {Electrochim. Acta},
%    volume = {405},
%    pages = {139842},
%    year = {2022}
%    }
%
%    @article {,
%    author = { Liu, Y. and Yu, L. and Liu, L. and Xi, J.},
%    title = {Tailoring the vanadium/proton ratio of electrolytes to boost efficiency and stability of vanadium flow batteries over a wide temperature range},
%    journal = {Appl. Energy},
%    volume = {301},
%    pages = {117454},
%    year = {2021}
%    }
%
%    @article {,
%    author = { Luo, Q. and Li, L. and Wang, W. and Nie, Z. and Wei, X. and Li, B. and Chen, B. and Yang, Z. and Sprenkle, V.},
%    title = {Capacity decay and remediation of nafion-based all-vanadium redox flow batteries},
%    journal = {ChemSusChem},
%    volume = {6},
%    pages = {268},
%    year = {2013}
%    }
%
%    @article {,
%    author = { Park, J. H. and Park, J. J. and Park, O. O. and Yang, J. H.},
%    title = {Capacity decay mitigation by asymmetric positive/negative electrolyte volumes in vanadium redox flow batteries},
%    journal = {ChemSusChem},
%    volume = {9},
%    pages = {3181},
%    year = {2016}
%    }
%
%    @article {,
%    author = { Shin, J. and Kim, C. and Jeong, B. and Vaz, N. and Ju, H.},
%    title = {New operating strategy for all-vanadium redox flow batteries to mitigate electrolyte imbalance},
%    journal = {J. Power Sources},
%    volume = {526},
%    pages = {231144},
%    year = {2022}
%    }
%
%    @article {,
%    author = { Jienkulsawad, P. and Jirabovornwisut, T. and Chen, Y. S. and Arpornwichanop, A.},
%    title = {Improving the performance of an all-vanadium redox flow battery under imbalance conditions: online dynamic optimization approach},
%    journal = {ACS Sustain. Chem. Eng.},
%    volume = {8},
%    pages = {13610},
%    year = {2020}
%    }
%
%    @article {,
%    author = { Minke, C. and Turek, T.},
%    title = {Materials, system designs and modelling approaches in techno-economic assessment of all-vanadium redox flow batteries-A review},
%    journal = {J. Power Sources},
%    volume = {376},
%    pages = {66},
%    year = {2018}
%    }
%
%    @article {,
%    author = { Huang, Z. and Mu, A. and Wu, L. and Wang, H.},
%    title = {Vanadium redox flow batteries: Flow field design and flow rate optimization},
%    journal = {J. Energy Storage},
%    volume = {45},
%    pages = {103526},
%    year = {2022}
%    }
%
%    @article {,
%    author = { Li, T. and Xing, F. and Liu, T. and Sun, J. and Shi, D. and Zhang, H. and Li, X.},
%    title = {Cost, performance prediction and optimization of a vanadium flow battery by machine-learning},
%    journal = {Energy Environ. Sci.},
%    volume = {13},
%    pages = {4353},
%    year = {2020}
%    }
%
%    @article {,
%    author = { Zhang, C. and Zhang, L. and Ding, Y. and Peng, S. and Guo, X. and Zhao, Y. and He, G. and Yu, G.},
%    title = {Progress and prospects of next-generation redox flow batteries},
%    journal = {Energy. Storage. Mater.},
%    volume = {15},
%    pages = {324},
%    year = {2018}
%    }
%
%    @article {,
%    author = { Perry, M. L. and Weber, A. Z.},
%    title = {Advanced redox-flow batteries: a perspective},
%    journal = {J. Electrochem. Soc.},
%    volume = {163},
%    pages = {A5064},
%    year = {2016}
%    }
%
%    @article {,
%    author = { Zhang, H. and Lu, W. and Li, X.},
%    title = {Progress and perspectives of flow battery technologies},
%    journal = {Electrochem. Energy Rev.},
%    volume = {2},
%    pages = {492},
%    year = {2019}
%    }
%
%    @article {,
%    author = { Pugach, M. and Vyshinsky, V. and Bischi, A.},
%    title = {Energy efficiency analysis for a kilo-watt class vanadium redox flow battery system},
%    journal = {Appl. Energy},
%    volume = {253},
%    pages = {113533},
%    year = {2019}
%    }
%
%    @article {,
%    author = { Ulaganathan, M. and Aravindan, V. and Yan, Q. and Madhavi, S. and Skyllas-Kazacos, M. and Lim, T. M.},
%    title = {Recent advancements in all-vanadium redox flow batteries},
%    journal = {Adv. Mater. Interfaces},
%    volume = {3},
%    pages = {1500309},
%    year = {2016}
%    }


